@inproceedings{LearningLoss,
  title={Learning loss for active learning},
  author={Yoo, Donggeun and Kweon, In So},
  booktitle={Proceedings of the IEEE/CVF Conference on Computer Vision and Pattern Recognition},
  pages={93--102},
  year={2019}
}

@inproceedings{SRAAL,
  title={State-relabeling adversarial active learning},
  author={Zhang, Beichen and Li, Liang and Yang, Shijie and Wang, Shuhui and Zha, Zheng-Jun and Huang, Qingming},
  booktitle={Proceedings of the IEEE/CVF Conference on Computer Vision and Pattern Recognition},
  pages={8756--8765},
  year={2020}
}


@inproceedings{VAAL,
  title={Variational adversarial active learning},
  author={Sinha, Samarth and Ebrahimi, Sayna and Darrell, Trevor},
  booktitle={Proceedings of the IEEE/CVF International Conference on Computer Vision},
  pages={5972--5981},
  year={2019}
}

@inproceedings{sinha2019variational,
  title={Variational adversarial active learning},
  author={Sinha, Samarth and Ebrahimi, Sayna and Darrell, Trevor},
  booktitle={Proceedings of the IEEE/CVF International Conference on Computer Vision},
  pages={5972--5981},
  year={2019}
}

@article{RankCGAN,
  title={Active learning for convolutional neural networks: A core-set approach},
  author={Sener, Ozan and Savarese, Silvio},
  journal={arXiv preprint arXiv:1708.00489},
  year={2017}
}

@inproceedings{MonteCarloDropout,
  title={Deep bayesian active learning with image data},
  author={Gal, Yarin and Islam, Riashat and Ghahramani, Zoubin},
  booktitle={International Conference on Machine Learning},
  pages={1183--1192},
  year={2017},
  organization={PMLR}
}

@article{coreset,
  title={Active learning for convolutional neural networks: A core-set approach},
  author={Sener, Ozan and Savarese, Silvio},
  journal={arXiv preprint arXiv:1708.00489},
  year={2017}
}
