@inproceedings{hausman2018learning,
  title={Learning an embedding space for transferable robot skills},
  author={Hausman, Karol and Springenberg, Jost Tobias and Wang, Ziyu and Heess, Nicolas and Riedmiller, Martin},
  booktitle={International Conference on Learning Representations},
  year={2018}
}

@inproceedings{julian2018scaling,
  title={Scaling simulation-to-real transfer by learning composable robot skills},
  author={Julian, Ryan and Heiden, Eric and He, Zhanpeng and Zhang, Hejia and Schaal, Stefan and Lim, Joseph and Sukhatme, Gaurav and Hausman, Karol},
  booktitle={International Symposium on Experimental Robotics},
  pages={267--279},
  year={2018},
  organization={Springer}
}

@article{schulman2017proximal,
  title={Proximal policy optimization algorithms},
  author={Schulman, John and Wolski, Filip and Dhariwal, Prafulla and Radford, Alec and Klimov, Oleg},
  journal={arXiv preprint arXiv:1707.06347},
  year={2017}
}

@misc{meta-world,
  title={577 Sergey Levine. Meta-world: A benchmark and evaluation for multi-task and meta reinforcement 578 learning},
  author={Yu, Tianhe and Quillen, Deirdre and He, Zhanpeng and Julian, Ryan C and Hausman, Karol and Finn, Chelsea},
  year={2019},
  publisher={CoRL}
}
