@article{andrychowicz2017hindsight,
  title   = {Hindsight experience replay},
  author  = {Andrychowicz, Marcin and Wolski, Filip and Ray, Alex and Schneider, Jonas and Fong, Rachel and Welinder, Peter and McGrew, Bob and Tobin, Josh and Abbeel, Pieter and Zaremba, Wojciech},
  journal = {arXiv preprint arXiv:1707.01495},
  year    = {2017}
}


@inproceedings{todorov2012mujoco,
  title        = {Mujoco: A physics engine for model-based control},
  author       = {Todorov, Emanuel and Erez, Tom and Tassa, Yuval},
  booktitle    = {2012 IEEE/RSJ International Conference on Intelligent Robots and Systems},
  pages        = {5026--5033},
  year         = {2012},
  organization = {IEEE}
}
@incollection{soatto2013actionable,
  title={Actionable information in vision},
  author={Soatto, Stefano},
  booktitle={Machine learning for computer vision},
  pages={17--48},
  year={2013},
  publisher={Springer}
}
@article{ren2015faster,
  title={Faster r-cnn: Towards real-time object detection with region proposal networks},
  author={Ren, Shaoqing and He, Kaiming and Girshick, Ross and Sun, Jian},
  journal={arXiv preprint arXiv:1506.01497},
  year={2015}
}
