@inproceedings{ferraz2014leveraging,
  title={Leveraging feature uncertainty in the pnp problem},
  author={Ferraz Colomina, Luis and Binefa, Xavier and Moreno-Noguer, Francesc},
  booktitle={Proceedings of the BMVC 2014 British Machine Vision Conference},
  pages={1--13},
  year={2014}
}

@article{lepetit2009epnp,
  title={Epnp: An accurate o (n) solution to the pnp problem},
  author={Lepetit, Vincent and Moreno-Noguer, Francesc and Fua, Pascal},
  journal={International journal of computer vision},
  volume={81},
  number={2},
  pages={155},
  year={2009},
  publisher={Springer}
}
